<?xml version="1.0" encoding="UTF-8"?><collection xmlns="http://www.loc.gov/MARC21/slim"><record><leader>00428nam--2200145-i-4500</leader><controlfield tag="001">000031306</controlfield><controlfield tag="002">20161230</controlfield><controlfield tag="005">20161230201038</controlfield><controlfield tag="008">060222s1000------------r-----000-0-eng-d</controlfield><datafield ind1=" " ind2=" " tag="245"><subfield code="a">Mathemtatics lecture series. vol.2: applications of global analysis in mathematical physics</subfield></datafield><datafield ind1=" " ind2=" " tag="260"><subfield code="a">Boston, Publ.Or Perish, Inc., 1974</subfield></datafield><datafield ind1=" " ind2=" " tag="490"><subfield code="v">vol.2</subfield></datafield><datafield ind1=" " ind2=" " tag="700"><subfield code="a">Marsden, Jerry</subfield></datafield><datafield ind1=" " ind2=" " tag="852"><subfield code="a">47110</subfield><subfield code="c">517.9</subfield></datafield><datafield ind1=" " ind2=" " tag="CAT"><subfield code="a">Sys</subfield><subfield code="c">20090304</subfield><subfield code="h">102406</subfield></datafield></record></collection>